@book{hartshorne2013algebraic,
	title = {Algebraic geometry},
	author = {Hartshorne, Robin},
	volume = {52},
	year = {2013},
	publisher = {Springer Science \& Business Media},
}

@article{sorensen_classication_nodate,
	title = {Classiﬁcation of Vector Bundles Over P},
	author = {Sorensen, Derek},
	langid = {english},
	file = {PDF:/home/marmas/personal/other/Zotero/storage/CFXNVBHP/Sorensen -
	        Classiﬁcation of Vector Bundles Over P.pdf:application/pdf},
}

@article{ag2,
	title = {Lecture notes for the Mastermath course Algebraic Geometry 2},
	author = {Edixhoven, Bas},
	langid = {english},
}

@misc{stacks-project,
	shorthand = {Stacks},
	author = {The {Stacks Project Authors}},
	title = {\textit{Stacks Project}},
	howpublished = {\url{https://stacks.math.columbia.edu}},
	year = {2018},
}

@book{eisenbud20163264,
	title = {3264 and all that: A second course in algebraic geometry},
	author = {Eisenbud, David and Harris, Joe},
	year = {2016},
	publisher = {Cambridge University Press},
}

@book{huybrechts2010geometry,
	title = {The geometry of moduli spaces of sheaves},
	author = {Huybrechts, Daniel and Lehn, Manfred},
	year = {2010},
	publisher = {Cambridge University Press},
}
